<?xml version="1.0" encoding="UTF-8"?><record xmlns="http://www.loc.gov/MARC21/slim" xmlns:cinclude="http://apache.org/cocoon/include/1.0" xmlns:zs="http://www.loc.gov/zing/srw/">
  <leader>00470nz  a2200145n  4500</leader>
  <controlfield tag="001">no2005119620</controlfield>
  <controlfield tag="003">DLC</controlfield>
  <controlfield tag="005">20051220071014.0</controlfield>
  <controlfield tag="008">051209n| acannaabn          |a aaa     c</controlfield>
  <datafield tag="010" ind1=" " ind2=" ">
    <subfield code="a">no2005119620</subfield>
  </datafield>
  <datafield tag="035" ind1=" " ind2=" ">
    <subfield code="a">(OCoLC)oca06810118</subfield>
  </datafield>
  <datafield tag="040" ind1=" " ind2=" ">
    <subfield code="a">NjP</subfield>
    <subfield code="b">eng</subfield>
    <subfield code="c">NjP</subfield>
  </datafield>
  <datafield tag="100" ind1="1" ind2=" ">
    <subfield code="a">Alegre Monferrer, Agustín,</subfield>
    <subfield code="d">1936-</subfield>
  </datafield>
  <datafield tag="400" ind1="1" ind2=" ">
    <subfield code="a">Monferrer, Agustín Alegre,</subfield>
    <subfield code="d">1936-</subfield>
  </datafield>
  <datafield tag="670" ind1=" " ind2=" ">
    <subfield code="a">Agustín Alegre Monferrer, 2003:</subfield>
    <subfield code="b">p. 15 (b. Aug. 21, 1936 in Santa Eulalia del Campo, in Teruel Province)</subfield>
  </datafield>
</record>